<record><leader>00000cas a2200000 i 4500</leader><controlfield tag="001">835086239</controlfield><controlfield tag="006">m     o  d        </controlfield><controlfield tag="007">cr |||||||||||</controlfield><controlfield tag="008">130403d18571858tnudr ne      0   a0eng  </controlfield><datafield ind1=" " ind2=" " tag="010"><subfield code="a">  2013218688</subfield></datafield><datafield ind1=" " ind2=" " tag="040"><subfield code="a">DLC</subfield><subfield code="b">eng</subfield><subfield code="e">rda</subfield><subfield code="c">DLC</subfield><subfield code="d">DLC</subfield><subfield code="d">OCLCQ</subfield><subfield code="d">OCLCA</subfield><subfield code="d">OCLCF</subfield></datafield><datafield ind1="0" ind2=" " tag="022"><subfield code="a">2327-851X</subfield><subfield code="2">1</subfield></datafield><datafield ind1=" " ind2=" " tag="042"><subfield code="a">pcc</subfield><subfield code="a">nsdp</subfield></datafield><datafield ind1=" " ind2=" " tag="043"><subfield code="a">n-us-tn</subfield></datafield><datafield ind1="1" ind2="0" tag="050"><subfield code="a">ISSN RECORD</subfield></datafield><datafield ind1="0" ind2="0" tag="082"><subfield code="a">071</subfield><subfield code="2">23</subfield></datafield><datafield ind1="0" ind2=" " tag="130"><subfield code="a">Daily Nashville patriot (Nashville, Tenn. : 1857 : Online)</subfield></datafield><datafield ind1=" " ind2="0" tag="222"><subfield code="a">Daily Nashville patriot</subfield><subfield code="b">(Nashville, Tenn. 1857. Online)</subfield></datafield><datafield ind1="1" ind2="0" tag="245"><subfield code="a">Daily Nashville patriot.</subfield></datafield><datafield ind1="1" ind2="3" tag="246"><subfield code="a">Nashville patriot</subfield></datafield><datafield ind1=" " ind2="1" tag="264"><subfield code="a">Nashville, Tenn. :</subfield><subfield code="b">Smith, Morgan &amp; Co.,</subfield><subfield code="c">1857-1858.</subfield></datafield><datafield ind1=" " ind2=" " tag="310"><subfield code="a">Daily (except Sun.)</subfield></datafield><datafield ind1=" " ind2=" " tag="336"><subfield code="a">text</subfield><subfield code="b">txt</subfield><subfield code="2">rdacontent</subfield></datafield><datafield ind1=" " ind2=" " tag="337"><subfield code="a">computer</subfield><subfield code="b">c</subfield><subfield code="2">rdamedia</subfield></datafield><datafield ind1=" " ind2=" " tag="338"><subfield code="a">online resource</subfield><subfield code="b">cr</subfield><subfield code="2">rdacarrier</subfield></datafield><datafield ind1="1" ind2=" " tag="362"><subfield code="a">Began with vol. XXI, new series, no. 345, new series (Jan. 15, 1857); ceased with vol. XXI, new series, no. 677 (Jan. 30, 1858).</subfield></datafield><datafield ind1=" " ind2=" " tag="500"><subfield code="a">Publishers: Smith, Morgan &amp; Co., 1857; Smith, Camp &amp; Co., 1857-1858.</subfield></datafield><datafield ind1=" " ind2=" " tag="500"><subfield code="a">Editors: W. Hy. Smith &amp; John Callender, 1857; W. Hy. Smith &amp; Ira P. Jones, 1857-1858.</subfield></datafield><datafield ind1=" " ind2=" " tag="530"><subfield code="a">Also issued in print.</subfield></datafield><datafield ind1=" " ind2=" " tag="588"><subfield code="a">Description based on print version record.</subfield></datafield><datafield ind1=" " ind2=" " tag="588"><subfield code="a">Latest issue consulted: Vol. XXI, new series, no. 677 (January 30, 1858) (Chroniclingamerica.loc.gov, viewed Apr. 3, 2013).</subfield></datafield><datafield ind1=" " ind2="0" tag="651"><subfield code="a">Davidson County (Tenn.)</subfield><subfield code="v">Newspapers.</subfield></datafield><datafield ind1=" " ind2="0" tag="651"><subfield code="a">Nashville (Tenn.)</subfield><subfield code="v">Newspapers.</subfield></datafield><datafield ind1=" " ind2="7" tag="655"><subfield code="a">Newspapers.</subfield><subfield code="2">fast</subfield><subfield code="0">(OCoLC)fst01423814</subfield></datafield><datafield ind1=" " ind2="7" tag="651"><subfield code="a">Tennessee</subfield><subfield code="z">Davidson County.</subfield><subfield code="2">fast</subfield><subfield code="0">(OCoLC)fst01205346</subfield></datafield><datafield ind1=" " ind2="7" tag="651"><subfield code="a">Tennessee</subfield><subfield code="z">Nashville.</subfield><subfield code="2">fast</subfield><subfield code="0">(OCoLC)fst01204195</subfield></datafield><datafield ind1=" " ind2=" " tag="752"><subfield code="a">United States</subfield><subfield code="b">Tennessee</subfield><subfield code="c">Davidson</subfield><subfield code="d">Nashville.</subfield></datafield><datafield ind1="0" ind2=" " tag="775"><subfield code="t">Nashville weekly patriot (Online)</subfield></datafield><datafield ind1="0" ind2=" " tag="775"><subfield code="t">Weekly patriot (Nashville, Tenn. : Online)</subfield></datafield><datafield ind1="1" ind2=" " tag="776"><subfield code="t">Daily Nashville patriot (Nashville, Tenn. : 1857)</subfield><subfield code="x">2327-8501</subfield><subfield code="w">(DLC)sn 96091000</subfield><subfield code="w">(OCoLC)34619557</subfield></datafield><datafield ind1="0" ind2="0" tag="780"><subfield code="t">Nashville daily patriot (Online)</subfield><subfield code="x">2327-8471</subfield><subfield code="w">(DLC)  2013218687</subfield><subfield code="w">(OCoLC)835089407</subfield></datafield><datafield ind1="0" ind2="0" tag="785"><subfield code="t">Nashville patriot (Nashville, Tenn. : Daily : Online)</subfield><subfield code="x">2327-8552</subfield><subfield code="w">(DLC)  2013218689</subfield><subfield code="w">(OCoLC)835086396</subfield></datafield><datafield ind1="4" ind2="1" tag="856"><subfield code="u">http://www.loc.gov/chroniclingamerica/lccn/sn96091000/issues</subfield></datafield></record>